@STRING{ETP = {Entrepreneurship: Theory \& Practice}}
@STRING{FER = {Frontiers of Entrepreneurship Research}}
@STRING{OS = {Organization Science}}

@article{ JGDJ200508009,
author = {谢美华，王正明 },
title = {用偏微分方程作图像分析与处理},
journal = {激光与光电子学进展},
number = {08},
pages = {36-40},
year = {2005},
issn = {1006-4125},
}
@book{aubert2006mathematical,
  title={Mathematical problems in image processing: partial differential equations and the calculus of variations},
  author={Aubert, Gilles and Kornprobst, Pierre},
  volume={147},
  year={2006},
  publisher={Springer}
}
@ARTICLE{56205,
  author={Perona, P. and Malik, J.},
  journal={IEEE Transactions on Pattern Analysis and Machine Intelligence}, 
  title={Scale-space and edge detection using anisotropic diffusion}, 
  year={1990},
  volume={12},
  number={7},
  pages={629-639},
  keywords={Image edge detection;Anisotropic magnetoresistance;Smoothing methods;Diffusion processes;Detectors;Hardware},
  doi={10.1109/34.56205}}
@article{scherzer2000relations,
  title={Relations between regularization and diffusion filtering},
  author={Scherzer, Otmar and Weickert, Joachim},
  journal={Journal of Mathematical Imaging and Vision},
  volume={12},
  pages={43--63},
  year={2000},
  publisher={Springer}
}
@inproceedings{rudin1994total,
  title={Total variation based image restoration with free local constraints},
  author={Rudin, Leonid I and Osher, Stanley},
  booktitle={Proceedings of 1st international conference on image processing},
  volume={1},
  pages={31--35},
  year={1994},
  organization={IEEE}
}
@article{chen2013primal,
  title={A primal--dual fixed point algorithm for convex separable minimization with applications to image restoration},
  author={Chen, Peijun and Huang, Jianguo and Zhang, Xiaoqun},
  journal={Inverse Problems},
  volume={29},
  number={2},
  pages={025011},
  year={2013},
  publisher={IOP Publishing}
}
@article{vaswani2017attention,
  title={Attention is all you need},
  author={Vaswani, A},
  journal={Advances in Neural Information Processing Systems},
  year={2017}
}
@article{lysaker2003noise,
  title={Noise removal using fourth-order partial differential equation with applications to medical magnetic resonance images in space and time},
  author={Lysaker, Marius and Lundervold, Arvid and Tai, Xue-Cheng},
  journal={IEEE Transactions on image processing},
  volume={12},
  number={12},
  pages={1579--1590},
  year={2003},
  publisher={IEEE}
}
@article{rezaiee2023evaluation,
  title={Evaluation of iterative methods for solving nonlinear scalar equations.},
  author={Rezaiee-Pajand, M and Arabshahi, A and Gharaei-Moghaddam, N},
  journal={Iranian Journal of Numerical Analysis \& Optimization},
  volume={13},
  number={3},
  year={2023}
}
@article{ JSDN201705008,
author = { 郭二冬 and  杨奋林 },
title = {图像去噪中改进的LLT去噪模型},
journal = {吉首大学学报(自然科学版)},
volume = {38},
number = {05},
pages = {42-44},
year = {2017},
issn = {1007-2985},
doi = {10.13438/j.cnki.jdzk}
}
